@misc{cplusplus,
    title={C++ References: http://www.cplusplus.com/},
	url = {http://www.cplusplus.com/}
}

@inbook{cormen,
    title     = "Introduction to Algorithms",
    chapter   = "Data Structures for Disjoint Sets",
    author    = "Thomas H. Cormen"
}
